%% This BibTeX bibliography file was created using BibDesk.
%% https://bibdesk.sourceforge.io/

%% Created for Louis Legrand at 2023-07-20 16:21:13 -0300 


%% Saved with string encoding Unicode (UTF-8) 



@article{Zubeldia:2020knz,
	archiveprefix = {arXiv},
	author = {Zubeldia, \'I\~nigo and Challinor, Anthony},
	date-added = {2023-07-20 16:01:14 -0300},
	date-modified = {2023-07-20 16:01:14 -0300},
	doi = {10.1093/mnras/staa2302},
	eprint = {2005.14607},
	journal = {Mon. Not. Roy. Astron. Soc.},
	number = {4},
	pages = {5326--5343},
	primaryclass = {astro-ph.CO},
	title = {{Quantifying the statistics of CMB-lensing-derived galaxy cluster mass measurements with simulations}},
	volume = {497},
	year = {2020},
	bdsk-url-1 = {https://doi.org/10.1093/mnras/staa2302}}

@article{Caldeira:2018ojb,
	archiveprefix = {arXiv},
	author = {Caldeira, Jo\~ao and Wu, W. L. Kimmy and Nord, Brian and Avestruz, Camille and Trivedi, Shubhendu and Story, Kyle T.},
	date-added = {2023-07-20 15:59:51 -0300},
	date-modified = {2023-07-20 15:59:51 -0300},
	doi = {10.1016/j.ascom.2019.100307},
	eprint = {1810.01483},
	journal = {Astron. Comput.},
	pages = {100307},
	primaryclass = {astro-ph.CO},
	reportnumber = {FERMILAB-PUB-18-515-A-CD},
	title = {{DeepCMB: Lensing Reconstruction of the Cosmic Microwave Background with Deep Neural Networks}},
	volume = {28},
	year = {2019},
	bdsk-url-1 = {https://doi.org/10.1016/j.ascom.2019.100307}}

@inproceedings{Parker:2022uxh,
	archiveprefix = {arXiv},
	author = {Parker, Liam and Han, Dongwon and Portela, Pablo Lemos and Ho, Shirley},
	date-added = {2023-07-20 15:58:40 -0300},
	date-modified = {2023-07-20 15:58:40 -0300},
	eprint = {2211.08990},
	month = {11},
	primaryclass = {astro-ph.CO},
	title = {{Recovering Galaxy Cluster Convergence from Lensed CMB with Generative Adversarial Networks}},
	year = {2022}}

@article{Raghunathan:2021zfi,
	archiveprefix = {arXiv},
	author = {Raghunathan, Srinivasan and Whitehorn, Nathan and Alvarez, Marcelo A. and Aung, Han and Battaglia, Nicholas and Holder, Gilbert P. and Nagai, Daisuke and Pierpaoli, Elena and Reichardt, Christian L. and Vieira, Joaquin D.},
	date-added = {2023-07-20 12:56:55 -0300},
	date-modified = {2023-07-20 12:56:55 -0300},
	doi = {10.3847/1538-4357/ac4712},
	eprint = {2107.10250},
	journal = {Astrophys. J.},
	number = {2},
	pages = {172},
	primaryclass = {astro-ph.CO},
	title = {{Constraining Cluster Virialization Mechanism and Cosmology Using Thermal-SZ-selected Clusters from Future CMB Surveys}},
	volume = {926},
	year = {2022},
	bdsk-url-1 = {https://doi.org/10.3847/1538-4357/ac4712}}

@inproceedings{Levy:2023moy,
	archiveprefix = {arXiv},
	author = {Levy, Kevin and Raghunathan, Srinivasan and Basu, Kaustuv},
	date-added = {2023-07-19 17:47:59 -0300},
	date-modified = {2023-07-19 17:47:59 -0300},
	eprint = {2305.06326},
	month = {5},
	primaryclass = {astro-ph.CO},
	title = {{A Foreground-Immune CMB-Cluster Lensing Estimator}},
	year = {2023}}

@article{Carbone:2016nzj,
	archiveprefix = {arXiv},
	author = {Carbone, Carmelita and Petkova, Margarita and Dolag, Klaus},
	date-added = {2023-07-19 16:16:53 -0300},
	date-modified = {2023-07-19 16:16:53 -0300},
	doi = {10.1088/1475-7516/2016/07/034},
	eprint = {1605.02024},
	journal = {JCAP},
	pages = {034},
	primaryclass = {astro-ph.CO},
	title = {{DEMNUni: ISW, Rees-Sciama, and weak-lensing in the presence of massive neutrinos}},
	volume = {07},
	year = {2016},
	bdsk-url-1 = {https://doi.org/10.1088/1475-7516/2016/07/034}}

@article{Stein:2020its,
	archiveprefix = {arXiv},
	author = {Stein, George and Alvarez, Marcelo A. and Bond, J. Richard and van Engelen, Alexander and Battaglia, Nicholas},
	date-added = {2023-07-19 16:15:53 -0300},
	date-modified = {2023-07-19 16:15:53 -0300},
	doi = {10.1088/1475-7516/2020/10/012},
	eprint = {2001.08787},
	journal = {JCAP},
	pages = {012},
	primaryclass = {astro-ph.CO},
	title = {{The Websky Extragalactic CMB Simulations}},
	volume = {10},
	year = {2020},
	bdsk-url-1 = {https://doi.org/10.1088/1475-7516/2020/10/012}}

@article{Barnett2019,
	adsnote = {Provided by the SAO/NASA Astrophysics Data System},
	adsurl = {https://ui.adsabs.harvard.edu/abs/2019SJSC...41C.479B},
	archiveprefix = {arXiv},
	author = {{Barnett}, Alexander H. and {Magland}, Jeremy and {af Klinteberg}, Ludvig},
	doi = {10.1137/18M120885X},
	eprint = {1808.06736},
	journal = {SIAM Journal on Scientific Computing},
	keywords = {Mathematics - Numerical Analysis, Computer Science - Mathematical Software, Computer Science - Numerical Analysis, 65T50, 65T40, 65Y05, 68N01},
	month = jan,
	number = {5},
	pages = {C479-C504},
	primaryclass = {math.NA},
	title = {{A Parallel Nonuniform Fast Fourier Transform Library Based on an ``Exponential of Semicircle'' Kernel}},
	volume = {41},
	year = 2019,
	bdsk-url-1 = {https://doi.org/10.1137/18M120885X}}

@article{Barnett2020,
	adsnote = {Provided by the SAO/NASA Astrophysics Data System},
	adsurl = {https://ui.adsabs.harvard.edu/abs/2020arXiv200109405B},
	archiveprefix = {arXiv},
	author = {{Barnett}, A.~H.},
	doi = {10.48550/arXiv.2001.09405},
	eid = {arXiv:2001.09405},
	eprint = {2001.09405},
	journal = {arXiv e-prints},
	keywords = {Mathematics - Numerical Analysis, 65T50, 42A38},
	month = jan,
	pages = {arXiv:2001.09405},
	primaryclass = {math.NA},
	title = {{Aliasing error of the exp$(\beta \sqrt{1-z^2})$ kernel in the nonuniform fast Fourier transform}},
	year = 2020,
	bdsk-url-1 = {https://doi.org/10.48550/arXiv.2001.09405}}

@inproceedings{Reinecke:2023gtp,
	archiveprefix = {arXiv},
	author = {Reinecke, Martin and Belkner, Sebastian and Carron, Julien},
	date-added = {2023-07-06 12:16:58 -0300},
	date-modified = {2023-07-06 12:16:58 -0300},
	eprint = {2304.10431},
	month = {4},
	primaryclass = {astro-ph.CO},
	title = {{Improved CMB (de-)lensing using general spherical harmonic transforms}},
	year = {2023}}

@article{Aurlien:2022tlp,
	archiveprefix = {arXiv},
	author = {Aurlien, Ragnhild and others},
	date-added = {2023-07-06 12:07:22 -0300},
	date-modified = {2023-07-06 12:07:22 -0300},
	doi = {10.1088/1475-7516/2023/06/034},
	eprint = {2211.14342},
	journal = {JCAP},
	pages = {034},
	primaryclass = {astro-ph.CO},
	title = {{Foreground separation and constraints on primordial gravitational waves with the PICO space mission}},
	volume = {06},
	year = {2023},
	bdsk-url-1 = {https://doi.org/10.1088/1475-7516/2023/06/034}}

@article{Simet:2016mzg,
	archiveprefix = {arXiv},
	author = {Simet, Melanie and McClintock, Tom and Mandelbaum, Rachel and Rozo, Eduardo and Rykoff, Eli and Sheldon, Erin and Wechsler, Risa H.},
	date-added = {2023-07-06 11:24:20 -0300},
	date-modified = {2023-07-06 11:24:20 -0300},
	doi = {10.1093/mnras/stw3250},
	eprint = {1603.06953},
	journal = {Mon. Not. Roy. Astron. Soc.},
	number = {3},
	pages = {3103--3118},
	primaryclass = {astro-ph.CO},
	title = {{Weak lensing measurement of the mass\textendash{}richness relation of SDSS redMaPPer clusters}},
	volume = {466},
	year = {2017},
	bdsk-url-1 = {https://doi.org/10.1093/mnras/stw3250}}

@article{Farahi:2016xux,
	archiveprefix = {arXiv},
	author = {Farahi, Arya and Evrard, August E. and Rozo, Eduardo and Rykoff, Eli S. and Wechsler, Risa H.},
	date-added = {2023-07-06 11:23:54 -0300},
	date-modified = {2023-07-06 11:23:54 -0300},
	doi = {10.1093/mnras/stw1143},
	eprint = {1601.05773},
	journal = {Mon. Not. Roy. Astron. Soc.},
	number = {4},
	pages = {3900--3912},
	primaryclass = {astro-ph.CO},
	title = {{Galaxy Cluster Mass Estimation from Stacked Spectroscopic Analysis}},
	volume = {460},
	year = {2016},
	bdsk-url-1 = {https://doi.org/10.1093/mnras/stw1143}}

@article{Andreon:2016eck,
	archiveprefix = {arXiv},
	author = {Andreon, S.},
	date-added = {2023-07-06 11:23:00 -0300},
	date-modified = {2023-07-06 11:23:00 -0300},
	doi = {10.1051/0004-6361/201526852},
	eprint = {1601.06912},
	journal = {Astron. Astrophys.},
	pages = {A158},
	primaryclass = {astro-ph.CO},
	title = {{Richness-based masses of rich and famous galaxy clusters}},
	volume = {587},
	year = {2016},
	bdsk-url-1 = {https://doi.org/10.1051/0004-6361/201526852}}

@article{DES:2015mqu,
	archiveprefix = {arXiv},
	author = {Saro, A. and others},
	collaboration = {DES},
	date-added = {2023-07-06 11:21:39 -0300},
	date-modified = {2023-07-06 11:21:39 -0300},
	doi = {10.1093/mnras/stv2141},
	eprint = {1506.07814},
	journal = {Mon. Not. Roy. Astron. Soc.},
	number = {3},
	pages = {2305--2319},
	primaryclass = {astro-ph.CO},
	reportnumber = {FERMILAB-PUB-15-295-AE},
	title = {{Constraints on the richness\textendash{}mass relation and the optical-SZE positional offset distribution for SZE-selected clusters}},
	volume = {454},
	year = {2015},
	bdsk-url-1 = {https://doi.org/10.1093/mnras/stv2141}}

@article{Koester:2007bj,
	archiveprefix = {arXiv},
	author = {Koester, Benjamin P. and McKay, Timothy A. and Annis, James and Wechsler, Risa H. and Evrard, August E. and Rozo, Eduardo and Bleem, Lindsey and Sheldon, Erin S. and Johnston, David},
	date-added = {2023-07-06 11:21:09 -0300},
	date-modified = {2023-07-06 11:21:09 -0300},
	doi = {10.1086/512092},
	eprint = {astro-ph/0701268},
	journal = {Astrophys. J.},
	pages = {221--238},
	reportnumber = {FERMILAB-PUB-07-732-A},
	title = {{MaxBCG: A Red Sequence Galaxy Cluster Finder}},
	volume = {660},
	year = {2007},
	bdsk-url-1 = {https://doi.org/10.1086/512092}}

@misc{:aa,
	date-added = {2023-07-06 11:21:02 -0300},
	date-modified = {2023-07-06 11:21:02 -0300},
	title = {Impossible d'interpr{\'e}ter en temps que BibTeX},
	url = {https://inspirehep.net/api/literature?sort=mostrecent&size=25&page=1&q=Koester%2C%20B.%20P.%20et%20al.%20MaxBCG%3A%20A%20Red-Sequence%20Galaxy%20Cluster%20Finder.%20Astrophys.%20J.%20660%2C%20221%E2%80%93238%20%282007%29.},
	bdsk-url-1 = {https://inspirehep.net/api/literature?sort=mostrecent&size=25&page=1&q=Koester%2C%20B.%20P.%20et%20al.%20MaxBCG%3A%20A%20Red-Sequence%20Galaxy%20Cluster%20Finder.%20Astrophys.%20J.%20660%2C%20221%E2%80%93238%20%282007%29.}}

@article{Madhavacheril:2018bxi,
	archiveprefix = {arXiv},
	author = {Madhavacheril, Mathew S. and Hill, J. Colin},
	date-added = {2023-06-29 12:09:56 -0300},
	date-modified = {2023-06-29 12:09:56 -0300},
	doi = {10.1103/PhysRevD.98.023534},
	eprint = {1802.08230},
	journal = {Phys. Rev. D},
	number = {2},
	pages = {023534},
	primaryclass = {astro-ph.CO},
	title = {{Mitigating Foreground Biases in CMB Lensing Reconstruction Using Cleaned Gradients}},
	volume = {98},
	year = {2018},
	bdsk-url-1 = {https://doi.org/10.1103/PhysRevD.98.023534}}

@article{Holder:2004rp,
	archiveprefix = {arXiv},
	author = {Holder, Gilbert P. and Kosowsky, Arthur},
	date-added = {2023-06-29 11:54:14 -0300},
	date-modified = {2023-06-29 11:54:14 -0300},
	doi = {10.1086/424808},
	eprint = {astro-ph/0401519},
	journal = {Astrophys. J.},
	pages = {8--15},
	reportnumber = {RAP-399},
	title = {{Gravitational lensing of the microwave background by galaxy clusters}},
	volume = {616},
	year = {2004},
	bdsk-url-1 = {https://doi.org/10.1086/424808}}

@article{Planck:2018lbu,
	archiveprefix = {arXiv},
	author = {Aghanim, N. and others},
	collaboration = {Planck},
	date-added = {2023-06-29 11:08:10 -0300},
	date-modified = {2023-06-29 11:08:10 -0300},
	doi = {10.1051/0004-6361/201833886},
	eprint = {1807.06210},
	journal = {Astron. Astrophys.},
	pages = {A8},
	primaryclass = {astro-ph.CO},
	title = {{Planck 2018 results. VIII. Gravitational lensing}},
	volume = {641},
	year = {2020},
	bdsk-url-1 = {https://doi.org/10.1051/0004-6361/201833886}}

@article{Maturi:2004zj,
	archiveprefix = {arXiv},
	author = {Maturi, Matteo and Bartelmann, Matthias and Meneghetti, Massimo and Moscardini, Lauro},
	date-added = {2023-06-28 18:58:39 -0300},
	date-modified = {2023-06-28 18:58:39 -0300},
	doi = {10.1051/0004-6361:20041785},
	eprint = {astro-ph/0408064},
	journal = {Astron. Astrophys.},
	pages = {37--46},
	title = {{Gravitational lensing of the CMB by galaxy clusters}},
	volume = {436},
	year = {2005},
	bdsk-url-1 = {https://doi.org/10.1051/0004-6361:20041785}}

@article{Dodelson:2004as,
	archiveprefix = {arXiv},
	author = {Dodelson, Scott},
	date-added = {2023-06-28 18:29:46 -0300},
	date-modified = {2023-06-28 18:29:46 -0300},
	doi = {10.1103/PhysRevD.70.023009},
	eprint = {astro-ph/0402314},
	journal = {Phys. Rev. D},
	pages = {023009},
	reportnumber = {FERMILAB-PUB-04-178-A},
	title = {{CMB - cluster lensing}},
	volume = {70},
	year = {2004},
	bdsk-url-1 = {https://doi.org/10.1103/PhysRevD.70.023009}}

@article{Hirata:2003ka,
	archiveprefix = {arXiv},
	author = {Hirata, Christopher M. and Seljak, Uros},
	date-added = {2023-06-28 18:11:51 -0300},
	date-modified = {2023-06-28 18:11:51 -0300},
	doi = {10.1103/PhysRevD.68.083002},
	eprint = {astro-ph/0306354},
	journal = {Phys. Rev. D},
	pages = {083002},
	title = {{Reconstruction of lensing from the cosmic microwave background polarization}},
	volume = {68},
	year = {2003},
	bdsk-url-1 = {https://doi.org/10.1103/PhysRevD.68.083002}}

@article{Hirata:2002jy,
	archiveprefix = {arXiv},
	author = {Hirata, Christopher M. and Seljak, Uros},
	date-added = {2023-06-28 18:10:35 -0300},
	date-modified = {2023-06-28 18:10:35 -0300},
	doi = {10.1103/PhysRevD.67.043001},
	eprint = {astro-ph/0209489},
	journal = {Phys. Rev. D},
	pages = {043001},
	title = {{Analyzing weak lensing of the cosmic microwave background using the likelihood function}},
	volume = {67},
	year = {2003},
	bdsk-url-1 = {https://doi.org/10.1103/PhysRevD.67.043001}}

@article{Arnaud:2007br,
	archiveprefix = {arXiv},
	author = {Arnaud, M. and Pointecouteau, E. and Pratt, G. W.},
	date-added = {2023-06-28 16:28:30 -0300},
	date-modified = {2023-06-28 16:28:30 -0300},
	doi = {10.1051/0004-6361:20078541},
	eprint = {0709.1561},
	journal = {Astron. Astrophys.},
	pages = {L37},
	primaryclass = {astro-ph},
	title = {{Calibration of the galaxy cluster M\_500-Y\_X relation with XMM-Newton}},
	volume = {474},
	year = {2007},
	bdsk-url-1 = {https://doi.org/10.1051/0004-6361:20078541}}

@article{Penna-Lima:2016tvo,
	archiveprefix = {arXiv},
	author = {Penna-Lima, M. and Bartlett, J. G. and Rozo, E. and Melin, J. -B. and Merten, J. and Evrard, A. E. and Postman, M. and Rykoff, E.},
	date-added = {2023-06-28 16:25:15 -0300},
	date-modified = {2023-06-28 16:25:15 -0300},
	doi = {10.1051/0004-6361/201629971},
	eprint = {1608.05356},
	journal = {Astron. Astrophys.},
	pages = {A89},
	primaryclass = {astro-ph.CO},
	title = {{Calibrating the Planck Cluster Mass Scale with CLASH}},
	volume = {604},
	year = {2017},
	bdsk-url-1 = {https://doi.org/10.1051/0004-6361/201629971}}

@article{Sereno:2017zcn,
	archiveprefix = {arXiv},
	author = {Sereno, Mauro and Covone, Giovanni and Izzo, Luca and Ettori, Stefano and Coupon, Jean and Lieu, Maggie},
	date-added = {2023-06-28 16:24:33 -0300},
	date-modified = {2023-06-28 16:24:33 -0300},
	doi = {10.1093/mnras/stx2085},
	eprint = {1703.06886},
	journal = {Mon. Not. Roy. Astron. Soc.},
	number = {2},
	pages = {1946--1971},
	primaryclass = {astro-ph.CO},
	title = {{PSZ2LenS. Weak lensing analysis of the Planck clusters in the CFHTLenS and in the RCSLenS}},
	volume = {472},
	year = {2017},
	bdsk-url-1 = {https://doi.org/10.1093/mnras/stx2085}}

@article{Smith:2015qhs,
	archiveprefix = {arXiv},
	author = {Smith, G. P. and others},
	date-added = {2023-06-28 16:23:14 -0300},
	date-modified = {2023-06-28 16:23:14 -0300},
	doi = {10.1093/mnrasl/slv175},
	eprint = {1511.01919},
	journal = {Mon. Not. Roy. Astron. Soc.},
	number = {1},
	pages = {L74--L78},
	primaryclass = {astro-ph.CO},
	title = {{LoCuSS: Testing hydrostatic equilibrium in galaxy clusters}},
	volume = {456},
	year = {2016},
	bdsk-url-1 = {https://doi.org/10.1093/mnrasl/slv175}}

@article{Hoekstra:2015gda,
	archiveprefix = {arXiv},
	author = {Hoekstra, Henk and Herbonnet, Ricardo and Muzzin, Adam and Babul, Arif and Mahdavi, Andisheh and Viola, Massimo and Cacciato, Marcello},
	date-added = {2023-06-28 16:21:40 -0300},
	date-modified = {2023-06-28 16:21:40 -0300},
	doi = {10.1093/mnras/stv275},
	eprint = {1502.01883},
	journal = {Mon. Not. Roy. Astron. Soc.},
	number = {1},
	pages = {685--714},
	primaryclass = {astro-ph.CO},
	title = {{The Canadian Cluster Comparison Project: detailed study of systematics and updated weak lensing masses}},
	volume = {449},
	year = {2015},
	bdsk-url-1 = {https://doi.org/10.1093/mnras/stv275}}

@article{vonderLinden:2014haa,
	archiveprefix = {arXiv},
	author = {von der Linden, Anja and others},
	date-added = {2023-06-28 16:20:29 -0300},
	date-modified = {2023-06-28 16:20:29 -0300},
	doi = {10.1093/mnras/stu1423},
	eprint = {1402.2670},
	journal = {Mon. Not. Roy. Astron. Soc.},
	number = {3},
	pages = {1973--1978},
	primaryclass = {astro-ph.CO},
	title = {{Robust Weak-lensing Mass Calibration of Planck Galaxy Clusters}},
	volume = {443},
	year = {2014},
	bdsk-url-1 = {https://doi.org/10.1093/mnras/stu1423}}

@article{Miyatake:2018lpb,
	archiveprefix = {arXiv},
	author = {Miyatake, Hironao and others},
	date-added = {2023-06-28 16:18:49 -0300},
	date-modified = {2023-06-28 16:18:49 -0300},
	doi = {10.3847/1538-4357/ab0af0},
	eprint = {1804.05873},
	journal = {Astrophys. J.},
	number = {1},
	pages = {63},
	primaryclass = {astro-ph.CO},
	title = {{Weak-lensing Mass Calibration of ACTPol Sunyaev\textendash{}Zel\textquoteright{}dovich Clusters with the Hyper Suprime-Cam Survey}},
	volume = {875},
	year = {2019},
	bdsk-url-1 = {https://doi.org/10.3847/1538-4357/ab0af0}}

@article{Becker:2010xj,
	archiveprefix = {arXiv},
	author = {Becker, Matthew R. and Kravtsov, Andrey V.},
	date-added = {2023-06-28 16:16:41 -0300},
	date-modified = {2023-06-28 16:16:41 -0300},
	doi = {10.1088/0004-637X/740/1/25},
	eprint = {1011.1681},
	journal = {Astrophys. J.},
	pages = {25},
	primaryclass = {astro-ph.CO},
	title = {{On the Accuracy of Weak Lensing Cluster Mass Reconstructions}},
	volume = {740},
	year = {2011},
	bdsk-url-1 = {https://doi.org/10.1088/0004-637X/740/1/25}}

@article{Umetsu:2020wlf,
	archiveprefix = {arXiv},
	author = {Umetsu, Keiichi},
	date-added = {2023-06-28 16:12:55 -0300},
	date-modified = {2023-06-28 16:12:55 -0300},
	doi = {10.1007/s00159-020-00129-w},
	eprint = {2007.00506},
	journal = {Astron. Astrophys. Rev.},
	number = {1},
	pages = {7},
	primaryclass = {astro-ph.CO},
	title = {{Cluster\textendash{}galaxy weak lensing}},
	volume = {28},
	year = {2020},
	bdsk-url-1 = {https://doi.org/10.1007/s00159-020-00129-w}}

@article{Lewis:2005fq,
	archiveprefix = {arXiv},
	author = {Lewis, Antony and King, Lindsay},
	date-added = {2023-06-27 17:34:03 -0300},
	date-modified = {2023-06-27 17:34:03 -0300},
	doi = {10.1103/PhysRevD.73.063006},
	eprint = {astro-ph/0512104},
	journal = {Phys. Rev. D},
	pages = {063006},
	title = {{Cluster masses from cmb and galaxy weak lensing}},
	volume = {73},
	year = {2006},
	bdsk-url-1 = {https://doi.org/10.1103/PhysRevD.73.063006}}

@article{Hu:2007bt,
	archiveprefix = {arXiv},
	author = {Hu, Wayne and DeDeo, Simon and Vale, Chris},
	date-added = {2023-06-27 17:33:00 -0300},
	date-modified = {2023-06-27 17:33:00 -0300},
	doi = {10.1088/1367-2630/9/12/441},
	eprint = {astro-ph/0701276},
	journal = {New J. Phys.},
	pages = {441},
	title = {{Cluster Mass Estimators from CMB Temperature and Polarization Lensing}},
	volume = {9},
	year = {2007},
	bdsk-url-1 = {https://doi.org/10.1088/1367-2630/9/12/441}}

@article{Louis:2016gvv,
	archiveprefix = {arXiv},
	author = {Louis, Thibaut and Alonso, David},
	date-added = {2023-06-27 17:27:32 -0300},
	date-modified = {2023-06-27 17:27:32 -0300},
	doi = {10.1103/PhysRevD.95.043517},
	eprint = {1609.03997},
	journal = {Phys. Rev. D},
	number = {4},
	pages = {043517},
	primaryclass = {astro-ph.CO},
	title = {{Calibrating Cluster Number Counts with CMB lensing}},
	volume = {95},
	year = {2017},
	bdsk-url-1 = {https://doi.org/10.1103/PhysRevD.95.043517}}

@article{Arnaud:2005ur,
	archiveprefix = {arXiv},
	author = {Arnaud, Monique and Pointecouteau, E. and Pratt, G. W.},
	doi = {10.1051/0004-6361:20052856},
	eprint = {astro-ph/0502210},
	journal = {Astron. Astrophys.},
	pages = {893--903},
	title = {{The Structural and scaling properties of nearby galaxy clusters. 2. The M-T relation}},
	volume = {441},
	year = {2005},
	bdsk-url-1 = {https://doi.org/10.1051/0004-6361:20052856}}

@article{Madhavacheril:2017onh,
	archiveprefix = {arXiv},
	author = {Madhavacheril, Mathew S. and Battaglia, Nicholas and Miyatake, Hironao},
	date-added = {2023-06-27 17:26:42 -0300},
	date-modified = {2023-06-27 17:26:42 -0300},
	doi = {10.1103/PhysRevD.96.103525},
	eprint = {1708.07502},
	journal = {Phys. Rev. D},
	number = {10},
	pages = {103525},
	primaryclass = {astro-ph.CO},
	title = {{Fundamental physics from future weak-lensing calibrated Sunyaev-Zel\textquoteright{}dovich galaxy cluster counts}},
	volume = {96},
	year = {2017},
	bdsk-url-1 = {https://doi.org/10.1103/PhysRevD.96.103525}}

@article{Patil_2020,
	abstract = {Accurate galaxy cluster mass measurements from the gravitational lensing of the cosmic microwave background temperature maps depend on mitigating potential biases from the cluster's own thermal Sunyaev--Zel'dovich (SZ) effect signal. Quadratic lensing estimators use a pair of maps to extract the lensing signal: a large-scale gradient map and a small-scale lensing map. The SZ bias can be eliminated by using an SZ-free map in the pair, with the gradient map being favored for signal-to-noise reasons. However, while this approach eliminates the bias, the SZ power in small-scale lensing map adds extra variance that can become significant for high-mass clusters and low-noise surveys. In this work, we propose projecting out an SZ template to reduce the SZ variance. Any residual SZ signal after template fitting is uncorrelated with the SZ-free gradient map, and thus does not bias the mass measurements. For massive clusters above    observed by the upcoming CMB-S4 and Simons Observatory experiments, we find that the template fitting approach would increase the cluster lensing signal-to-noise by a factor of 1.4.},
	author = {Sanjaykumar Patil and Srinivasan Raghunathan and Christian L. Reichardt},
	date-added = {2023-06-27 17:25:31 -0300},
	date-modified = {2023-06-27 17:25:31 -0300},
	doi = {10.3847/1538-4357/ab55dd},
	journal = {The Astrophysical Journal},
	month = {dec},
	number = {1},
	pages = {9},
	publisher = {The American Astronomical Society},
	title = {Suppressing the Thermal SZ-induced Variance in CMB-cluster Lensing Estimators},
	url = {https://dx.doi.org/10.3847/1538-4357/ab55dd},
	volume = {888},
	year = {2019},
	bdsk-url-1 = {https://dx.doi.org/10.3847/1538-4357/ab55dd}}

@article{Horowitz:2017iql,
	archiveprefix = {arXiv},
	author = {Horowitz, Benjamin and Ferraro, Simone and Sherwin, Blake D.},
	date-added = {2023-06-27 17:21:26 -0300},
	date-modified = {2023-06-27 17:21:26 -0300},
	doi = {10.1093/mnras/stz566},
	eprint = {1710.10236},
	journal = {Mon. Not. Roy. Astron. Soc.},
	number = {3},
	pages = {3919--3929},
	primaryclass = {astro-ph.CO},
	title = {{Reconstructing Small Scale Lenses from the Cosmic Microwave Background Temperature Fluctuations}},
	volume = {485},
	year = {2019},
	bdsk-url-1 = {https://doi.org/10.1093/mnras/stz566}}

@article{Hadzhiyska:2019cle,
	archiveprefix = {arXiv},
	author = {Hadzhiyska, Boryana and Sherwin, Blake D. and Madhavacheril, Mathew and Ferraro, Simone},
	date-added = {2023-06-27 17:19:22 -0300},
	date-modified = {2023-06-27 17:19:22 -0300},
	doi = {10.1103/PhysRevD.100.023547},
	eprint = {1905.04217},
	journal = {Phys. Rev. D},
	number = {2},
	pages = {023547},
	primaryclass = {astro-ph.CO},
	title = {{Improving Small-Scale CMB Lensing Reconstruction}},
	volume = {100},
	year = {2019},
	bdsk-url-1 = {https://doi.org/10.1103/PhysRevD.100.023547}}

@article{Patil:2019zbm,
	archiveprefix = {arXiv},
	author = {Patil, Sanjaykumar and Raghunathan, Srinivasan and Reichardt, Christian L.},
	date-added = {2023-06-27 17:18:48 -0300},
	date-modified = {2023-06-27 17:18:48 -0300},
	doi = {10.3847/1538-4357/ab55dd},
	eprint = {1905.07943},
	month = {5},
	primaryclass = {astro-ph.CO},
	title = {{Suppressing the thermal SZ-induced variance in CMB-cluster lensing estimators}},
	year = {2019},
	bdsk-url-1 = {https://doi.org/10.3847/1538-4357/ab55dd}}

@article{Gupta:2020him,
	archiveprefix = {arXiv},
	author = {Gupta, N. and Reichardt, C. L.},
	date-added = {2023-06-27 17:17:16 -0300},
	date-modified = {2023-06-27 17:17:16 -0300},
	doi = {10.3847/1538-4357/ac32d0},
	eprint = {2005.13985},
	journal = {Astrophys. J.},
	number = {1},
	pages = {96},
	primaryclass = {astro-ph.CO},
	title = {{Mass Estimation of Galaxy Clusters with Deep Learning II. Cosmic Microwave Background Cluster Lensing}},
	volume = {923},
	year = {2021},
	bdsk-url-1 = {https://doi.org/10.3847/1538-4357/ac32d0}}

@article{DES:2018myw,
	archiveprefix = {arXiv},
	author = {Raghunathan, S. and others},
	collaboration = {DES},
	date-added = {2023-06-27 17:14:17 -0300},
	date-modified = {2023-06-27 17:14:17 -0300},
	doi = {10.3847/1538-4357/ab01ca},
	eprint = {1810.10998},
	journal = {Astrophys. J.},
	number = {2},
	pages = {170},
	primaryclass = {astro-ph.CO},
	reportnumber = {DES-2018-0388, FERMILAB-PUB-18-586-AE},
	title = {{Mass Calibration of Optically Selected DES clusters using a Measurement of CMB-Cluster Lensing with SPTpol Data}},
	volume = {872},
	year = {2019},
	bdsk-url-1 = {https://doi.org/10.3847/1538-4357/ab01ca}}

@article{DES:2017fyz,
	archiveprefix = {arXiv},
	author = {Baxter, E. J. and others},
	collaboration = {DES, SPT},
	date-added = {2023-06-27 17:13:45 -0300},
	date-modified = {2023-06-27 17:13:45 -0300},
	doi = {10.1093/mnras/sty305},
	eprint = {1708.01360},
	journal = {Mon. Not. Roy. Astron. Soc.},
	number = {2},
	pages = {2674--2688},
	primaryclass = {astro-ph.CO},
	reportnumber = {FERMILAB-PUB-17-334-AE},
	title = {{A measurement of CMB cluster lensing with SPT and DES year 1 data}},
	volume = {476},
	year = {2018},
	bdsk-url-1 = {https://doi.org/10.1093/mnras/sty305}}

@article{SPT:2019qkp,
	archiveprefix = {arXiv},
	author = {Raghunathan, S. and others},
	collaboration = {SPT, DES},
	date-added = {2023-06-27 17:12:23 -0300},
	date-modified = {2023-06-27 17:12:23 -0300},
	doi = {10.1103/PhysRevLett.123.181301},
	eprint = {1907.08605},
	journal = {Phys. Rev. Lett.},
	number = {18},
	pages = {181301},
	primaryclass = {astro-ph.CO},
	reportnumber = {FERMILAB-PUB-19-429-AE, DES-2018-0395},
	title = {{Detection of CMB-Cluster Lensing using Polarization Data from SPTpol}},
	volume = {123},
	year = {2019},
	bdsk-url-1 = {https://doi.org/10.1103/PhysRevLett.123.181301}}

@article{Melin:2014uaa,
	archiveprefix = {arXiv},
	author = {Melin, Jean-Baptiste and Bartlett, James G.},
	date-added = {2023-06-27 17:11:04 -0300},
	date-modified = {2023-06-27 17:11:04 -0300},
	doi = {10.1051/0004-6361/201424720},
	eprint = {1408.5633},
	journal = {Astron. Astrophys.},
	pages = {A21},
	primaryclass = {astro-ph.CO},
	title = {{Measuring cluster masses with CMB lensing: a statistical approach}},
	volume = {578},
	year = {2015},
	bdsk-url-1 = {https://doi.org/10.1051/0004-6361/201424720}}

@article{Yoo:2010jd,
	archiveprefix = {arXiv},
	author = {Yoo, Jaiyul and Zaldarriaga, Matias and Hernquist, Lars},
	date-added = {2023-06-27 17:10:18 -0300},
	date-modified = {2023-06-27 17:10:18 -0300},
	doi = {10.1103/PhysRevD.81.123006},
	eprint = {1005.0847},
	journal = {Phys. Rev. D},
	pages = {123006},
	primaryclass = {astro-ph.CO},
	title = {{Lensing reconstruction of cluster-mass cross-correlation with cosmic microwave background polarization}},
	volume = {81},
	year = {2010},
	bdsk-url-1 = {https://doi.org/10.1103/PhysRevD.81.123006}}

@article{SPT:2021efh,
	archiveprefix = {arXiv},
	author = {Chaubal, P. S. and others},
	collaboration = {SPT},
	date-added = {2023-06-27 17:03:46 -0300},
	date-modified = {2023-06-27 17:03:46 -0300},
	doi = {10.3847/1538-4357/ac6a55},
	eprint = {2111.07491},
	journal = {Astrophys. J.},
	number = {2},
	pages = {139},
	primaryclass = {astro-ph.CO},
	reportnumber = {FERMILAB-PUB-21-729-PPD},
	title = {{Improving Cosmological Constraints from Galaxy Cluster Number Counts with CMB-cluster-lensing Data: Results from the SPT-SZ Survey and Forecasts for the Future}},
	volume = {931},
	year = {2022},
	bdsk-url-1 = {https://doi.org/10.3847/1538-4357/ac6a55}}

@article{Baxter:2014frs,
	archiveprefix = {arXiv},
	author = {Baxter, E. J. and others},
	date-added = {2023-06-27 17:01:45 -0300},
	date-modified = {2023-06-27 17:01:45 -0300},
	doi = {10.1088/0004-637X/806/2/247},
	eprint = {1412.7521},
	journal = {Astrophys. J.},
	number = {2},
	pages = {247},
	primaryclass = {astro-ph.CO},
	reportnumber = {FERMILAB-PUB-14-538-A},
	title = {{A Measurement of Gravitational Lensing of the Cosmic Microwave Background by Galaxy Clusters Using Data from the South Pole Telescope}},
	volume = {806},
	year = {2015},
	bdsk-url-1 = {https://doi.org/10.1088/0004-637X/806/2/247}}

@article{ACT:2020izl,
	archiveprefix = {arXiv},
	author = {Madhavacheril, Mathew S. and others},
	collaboration = {ACT},
	date-added = {2023-06-27 17:00:08 -0300},
	date-modified = {2023-06-27 17:00:08 -0300},
	doi = {10.3847/2041-8213/abbccb},
	eprint = {2009.07772},
	journal = {Astrophys. J. Lett.},
	number = {1},
	pages = {L13},
	primaryclass = {astro-ph.CO},
	reportnumber = {FERMILAB-PUB-20-486-E},
	title = {{The Atacama Cosmology Telescope: Weighing Distant Clusters with the Most Ancient Light}},
	volume = {903},
	year = {2020},
	bdsk-url-1 = {https://doi.org/10.3847/2041-8213/abbccb}}

@article{Bellagamba:2018gec,
	archiveprefix = {arXiv},
	author = {Bellagamba, Fabio and others},
	date-added = {2023-06-27 16:59:21 -0300},
	date-modified = {2023-06-27 16:59:21 -0300},
	doi = {10.1093/mnras/stz090},
	eprint = {1810.02827},
	journal = {Mon. Not. Roy. Astron. Soc.},
	number = {2},
	pages = {1598--1615},
	primaryclass = {astro-ph.CO},
	title = {{AMICO galaxy clusters in KiDS-DR3: weak-lensing mass calibration}},
	volume = {484},
	year = {2019},
	bdsk-url-1 = {https://doi.org/10.1093/mnras/stz090}}

@article{Yoo:2008bf,
	archiveprefix = {arXiv},
	author = {Yoo, Jaiyul and Zaldarriaga, Matias},
	date-added = {2023-06-27 16:57:01 -0300},
	date-modified = {2023-06-27 16:57:01 -0300},
	doi = {10.1103/PhysRevD.78.083002},
	eprint = {0805.2155},
	journal = {Phys. Rev. D},
	pages = {083002},
	primaryclass = {astro-ph},
	title = {{Improved estimation of cluster mass profiles from the cosmic microwave background}},
	volume = {78},
	year = {2008},
	bdsk-url-1 = {https://doi.org/10.1103/PhysRevD.78.083002}}

@inproceedings{Legrand:2023jne,
	archiveprefix = {arXiv},
	author = {Legrand, Louis and Carron, Julien},
	date-added = {2023-06-27 16:11:14 -0300},
	date-modified = {2023-06-27 17:07:38 -0300},
	eprint = {2304.02584},
	month = {4},
	primaryclass = {astro-ph.CO},
	title = {{Robust and efficient CMB lensing power spectrum from polarization surveys}},
	year = {2023}}

@article{Legrand:2021qdu,
	author = {Legrand, Louis and Carron, Julien},
	date-added = {2023-06-27 16:09:17 -0300},
	date-modified = {2023-06-27 16:09:17 -0300},
	doi = {10.1103/PhysRevD.105.123519},
	journal = {Phys. Rev. D},
	number = {12},
	pages = {123519},
	title = {{Lensing power spectrum of the cosmic microwave background with deep polarization experiments}},
	volume = {105},
	year = {2022},
	bdsk-url-1 = {https://doi.org/10.1103/PhysRevD.105.123519}}

@article{Millea:2017fyd,
	author = {Millea, Marius and Anderes, Ethan and Wandelt, Benjamin D.},
	date-added = {2023-06-27 16:09:06 -0300},
	date-modified = {2023-06-27 16:09:06 -0300},
	doi = {10.1103/PhysRevD.100.023509},
	journal = {Phys. Rev. D},
	number = {2},
	pages = {023509},
	title = {{Bayesian delensing of CMB temperature and polarization}},
	volume = {100},
	year = {2019},
	bdsk-url-1 = {https://doi.org/10.1103/PhysRevD.100.023509}}

@article{Millea:2020cpw,
	author = {Millea, Marius and Anderes, Ethan and Wandelt, Benjamin D.},
	date-added = {2023-06-27 16:09:06 -0300},
	date-modified = {2023-06-27 16:09:06 -0300},
	doi = {10.1103/PhysRevD.102.123542},
	journal = {Phys. Rev. D},
	number = {12},
	pages = {123542},
	title = {{Sampling-based inference of the primordial CMB and gravitational lensing}},
	volume = {102},
	year = {2020},
	bdsk-url-1 = {https://doi.org/10.1103/PhysRevD.102.123542}}

@article{Millea:2021had,
	author = {Millea, Marius and Seljak, Uros},
	date-added = {2023-06-27 16:09:06 -0300},
	date-modified = {2023-06-27 16:09:06 -0300},
	doi = {10.1103/PhysRevD.105.103531},
	journal = {Phys. Rev. D},
	number = {10},
	pages = {103531},
	title = {{Marginal unbiased score expansion and application to CMB lensing}},
	volume = {105},
	year = {2022},
	bdsk-url-1 = {https://doi.org/10.1103/PhysRevD.105.103531}}

@article{Allen:2011zs,
	archiveprefix = {arXiv},
	author = {Allen, Steven W. and Evrard, August E. and Mantz, Adam B.},
	doi = {10.1146/annurev-astro-081710-102514},
	eprint = {1103.4829},
	journal = {Ann. Rev. Astron. Astrophys.},
	pages = {409--470},
	primaryclass = {astro-ph.CO},
	title = {{Cosmological Parameters from Observations of Galaxy Clusters}},
	volume = {49},
	year = {2011},
	bdsk-url-1 = {https://doi.org/10.1146/annurev-astro-081710-102514}}

@article{Mantz:2014xba,
	archiveprefix = {arXiv},
	author = {Mantz, A. B. and Allen, S. W. and Morris, R. G. and Rapetti, D. A. and Applegate, D. E. and Kelly, P. L. and von der Linden, Anja and Schmidt, R. W.},
	doi = {10.1093/mnras/stu368},
	eprint = {1402.6212},
	journal = {Mon. Not. Roy. Astron. Soc.},
	number = {3},
	pages = {2077--2098},
	primaryclass = {astro-ph.CO},
	title = {{Cosmology and astrophysics from relaxed galaxy clusters \textendash{} II. Cosmological constraints}},
	volume = {440},
	year = {2014},
	bdsk-url-1 = {https://doi.org/10.1093/mnras/stu368}}

@article{Planck:2015lwi,
	archiveprefix = {arXiv},
	author = {Ade, P. A. R. and others},
	collaboration = {Planck},
	doi = {10.1051/0004-6361/201525833},
	eprint = {1502.01597},
	journal = {Astron. Astrophys.},
	pages = {A24},
	primaryclass = {astro-ph.CO},
	title = {{Planck 2015 results. XXIV. Cosmology from Sunyaev-Zeldovich cluster counts}},
	volume = {594},
	year = {2016},
	bdsk-url-1 = {https://doi.org/10.1051/0004-6361/201525833}}

@article{Mantz:2014paa,
	archiveprefix = {arXiv},
	author = {Mantz, Adam B. and others},
	doi = {10.1093/mnras/stu2096},
	eprint = {1407.4516},
	journal = {Mon. Not. Roy. Astron. Soc.},
	pages = {2205--2225},
	primaryclass = {astro-ph.CO},
	title = {{Weighing the giants \textendash{} IV. Cosmology and neutrino mass}},
	volume = {446},
	year = {2015},
	bdsk-url-1 = {https://doi.org/10.1093/mnras/stu2096}}

@article{SPT:2016izt,
	archiveprefix = {arXiv},
	author = {de Haan, T. and others},
	collaboration = {SPT},
	doi = {10.3847/0004-637X/832/1/95},
	eprint = {1603.06522},
	journal = {Astrophys. J.},
	number = {1},
	pages = {95},
	primaryclass = {astro-ph.CO},
	reportnumber = {FERMILAB-PUB-16-085-A-AE-PPD},
	title = {{Cosmological Constraints from Galaxy Clusters in the 2500 square-degree SPT-SZ Survey}},
	volume = {832},
	year = {2016},
	bdsk-url-1 = {https://doi.org/10.3847/0004-637X/832/1/95}}

@inproceedings{CMB-S4:2016ple,
	archiveprefix = {arXiv},
	author = {Abazajian, Kevork N. and others},
	collaboration = {CMB-S4},
	date-modified = {2023-06-27 17:07:33 -0300},
	eprint = {1610.02743},
	month = {10},
	primaryclass = {astro-ph.CO},
	reportnumber = {FERMILAB-FN-1024-A-AE},
	title = {{CMB-S4 Science Book, First Edition}},
	year = {2016}}

@article{SPT:2018njh,
	archiveprefix = {arXiv},
	author = {Bocquet, S. and others},
	collaboration = {SPT},
	doi = {10.3847/1538-4357/ab1f10},
	eprint = {1812.01679},
	journal = {Astrophys. J.},
	number = {1},
	pages = {55},
	primaryclass = {astro-ph.CO},
	reportnumber = {FERMILAB-PUB-18-692-AE},
	title = {{Cluster Cosmology Constraints from the 2500 deg$^2$ SPT-SZ Survey: Inclusion of Weak Gravitational Lensing Data from Magellan and the Hubble Space Telescope}},
	volume = {878},
	year = {2019},
	bdsk-url-1 = {https://doi.org/10.3847/1538-4357/ab1f10}}

@article{Pratt:2019cnf,
	archiveprefix = {arXiv},
	author = {Pratt, G. W. and Arnaud, M. and Biviano, A. and Eckert, D. and Ettori, S. and Nagai, D. and Okabe, N. and Reiprich, T. H.},
	doi = {10.1007/s11214-019-0591-0},
	eprint = {1902.10837},
	journal = {Space Sci. Rev.},
	number = {2},
	pages = {25},
	primaryclass = {astro-ph.CO},
	title = {{The galaxy cluster mass scale and its impact on cosmological constraints from the cluster population}},
	volume = {215},
	year = {2019},
	bdsk-url-1 = {https://doi.org/10.1007/s11214-019-0591-0}}

@article{Salvati:2021gkt,
	archiveprefix = {arXiv},
	author = {Salvati, L. and others},
	doi = {10.3847/1538-4357/ac7ab4},
	eprint = {2112.03606},
	journal = {Astrophys. J.},
	number = {2},
	pages = {129},
	primaryclass = {astro-ph.CO},
	reportnumber = {FERMILAB-PUB-21-720-PPD},
	title = {{Combining Planck and SPT Cluster Catalogs: Cosmological Analysis and Impact on the Planck Scaling Relation Calibration}},
	volume = {934},
	year = {2022},
	bdsk-url-1 = {https://doi.org/10.3847/1538-4357/ac7ab4}}

@article{Salvati:2020exw,
	archiveprefix = {arXiv},
	author = {Salvati, Laura and Douspis, Marian and Aghanim, Nabila},
	doi = {10.1051/0004-6361/202038465},
	eprint = {2005.10204},
	journal = {Astron. Astrophys.},
	pages = {A20},
	primaryclass = {astro-ph.CO},
	title = {{Impact of systematics on cosmological parameters from future galaxy cluster surveys}},
	volume = {643},
	year = {2020},
	bdsk-url-1 = {https://doi.org/10.1051/0004-6361/202038465}}

@article{Vikhlinin:2008ym,
	archiveprefix = {arXiv},
	author = {Vikhlinin, A. and others},
	doi = {10.1088/0004-637X/692/2/1060},
	eprint = {0812.2720},
	journal = {Astrophys. J.},
	pages = {1060--1074},
	primaryclass = {astro-ph},
	title = {{Chandra Cluster Cosmology Project III: Cosmological Parameter Constraints}},
	volume = {692},
	year = {2009},
	bdsk-url-1 = {https://doi.org/10.1088/0004-637X/692/2/1060}}

@article{Vanderlinde:2010eb,
	archiveprefix = {arXiv},
	author = {Vanderlinde, K. and others},
	doi = {10.1088/0004-637X/722/2/1180},
	eprint = {1003.0003},
	journal = {Astrophys. J.},
	pages = {1180--1196},
	primaryclass = {astro-ph.CO},
	title = {{Galaxy Clusters Selected with the Sunyaev-Zel'dovich Effect from 2008 South Pole Telescope Observations}},
	volume = {722},
	year = {2010},
	bdsk-url-1 = {https://doi.org/10.1088/0004-637X/722/2/1180}}

@article{Planck:2013lkt,
	archiveprefix = {arXiv},
	author = {Ade, P. A. R. and others},
	collaboration = {Planck},
	doi = {10.1051/0004-6361/201321521},
	eprint = {1303.5080},
	journal = {Astron. Astrophys.},
	pages = {A20},
	primaryclass = {astro-ph.CO},
	reportnumber = {CERN-PH-TH-2013-133},
	title = {{Planck 2013 results. XX. Cosmology from Sunyaev\textendash{}Zeldovich cluster counts}},
	volume = {571},
	year = {2014},
	bdsk-url-1 = {https://doi.org/10.1051/0004-6361/201321521}}

@article{Sehgal:2010ca,
	archiveprefix = {arXiv},
	author = {Sehgal, Neelima and others},
	doi = {10.1088/0004-637X/732/1/44},
	eprint = {1010.1025},
	journal = {Astrophys. J.},
	pages = {44},
	primaryclass = {astro-ph.CO},
	reportnumber = {SLAC-PUB-14383},
	title = {{The Atacama Cosmology Telescope: Cosmology from Galaxy Clusters Detected via the Sunyaev-Zel'dovich Effect}},
	volume = {732},
	year = {2011},
	bdsk-url-1 = {https://doi.org/10.1088/0004-637X/732/1/44}}

@article{SimonsObservatory:2018koc,
	archiveprefix = {arXiv},
	author = {Ade, Peter and others},
	collaboration = {Simons Observatory},
	doi = {10.1088/1475-7516/2019/02/056},
	eprint = {1808.07445},
	journal = {JCAP},
	pages = {056},
	primaryclass = {astro-ph.CO},
	title = {{The Simons Observatory: Science goals and forecasts}},
	volume = {02},
	year = {2019},
	bdsk-url-1 = {https://doi.org/10.1088/1475-7516/2019/02/056}}

@article{Navarro:1995iw,
	archiveprefix = {arXiv},
	author = {Navarro, Julio F. and Frenk, Carlos S. and White, Simon D. M.},
	doi = {10.1086/177173},
	eprint = {astro-ph/9508025},
	journal = {Astrophys. J.},
	pages = {563--575},
	title = {{The Structure of cold dark matter halos}},
	volume = {462},
	year = {1996},
	bdsk-url-1 = {https://doi.org/10.1086/177173}}

@article{Duffy:2008pz,
	archiveprefix = {arXiv},
	author = {Duffy, Alan R. and Schaye, Joop and Kay, Scott T. and Dalla Vecchia, Claudio},
	doi = {10.1111/j.1745-3933.2008.00537.x},
	eprint = {0804.2486},
	journal = {Mon. Not. Roy. Astron. Soc.},
	note = {[Erratum: Mon.Not.Roy.Astron.Soc. 415, L85 (2011)]},
	pages = {L64},
	primaryclass = {astro-ph},
	title = {{Dark matter halo concentrations in the Wilkinson Microwave Anisotropy Probe year 5 cosmology}},
	volume = {390},
	year = {2008},
	bdsk-url-1 = {https://doi.org/10.1111/j.1745-3933.2008.00537.x}}

@article{Geach:2017crt,
	archiveprefix = {arXiv},
	author = {Geach, James E. and Peacock, John A.},
	doi = {10.1038/s41550-017-0259-1},
	eprint = {1707.09369},
	journal = {Nature Astron.},
	number = {11},
	pages = {795--799},
	primaryclass = {astro-ph.CO},
	title = {{Cluster richness\textendash{}mass calibration with cosmic microwave background lensing}},
	volume = {1},
	year = {2017},
	bdsk-url-1 = {https://doi.org/10.1038/s41550-017-0259-1}}

@article{Wright:1999jc,
	archiveprefix = {arXiv},
	author = {Wright, Candace Oaxaca and Brainerd, Tereasa G.},
	eprint = {astro-ph/9908213},
	month = {8},
	title = {{Gravitational lensing by nfw halos}},
	year = {1999}}

@article{Takada:2002qq,
	archiveprefix = {arXiv},
	author = {Takada, Masahiro and Jain, Bhuvnesh},
	doi = {10.1046/j.1365-8711.2003.06321.x},
	eprint = {astro-ph/0209167},
	journal = {Mon. Not. Roy. Astron. Soc.},
	pages = {580--608},
	title = {{The Three - point correlation function in cosmology}},
	volume = {340},
	year = {2003},
	bdsk-url-1 = {https://doi.org/10.1046/j.1365-8711.2003.06321.x}}

@article{Zubeldia:2019brr,
	archiveprefix = {arXiv},
	author = {Zubeldia, \'I\~nigo and Challinor, Anthony},
	doi = {10.1093/mnras/stz2153},
	eprint = {1904.07887},
	journal = {Mon. Not. Roy. Astron. Soc.},
	number = {1},
	pages = {401--419},
	primaryclass = {astro-ph.CO},
	title = {{Cosmological constraints from Planck galaxy clusters with CMB lensing mass bias calibration}},
	volume = {489},
	year = {2019},
	bdsk-url-1 = {https://doi.org/10.1093/mnras/stz2153}}

@article{2011PhRvD..83b3008O,
	archiveprefix = {arXiv},
	author = {{Oguri}, Masamune and {Takada}, Masahiro},
	doi = {10.1103/PhysRevD.83.023008},
	eid = {023008},
	eprint = {1010.0744},
	journal = {Phys. Rev. D},
	keywords = {95.36.+x, 98.62.Sb, 98.65.Cw, Dark energy, Gravitational lenses and luminous arcs, Galaxy clusters, Astrophysics - Cosmology and Nongalactic Astrophysics},
	month = jan,
	number = {2},
	pages = {023008},
	primaryclass = {astro-ph.CO},
	title = {{Combining cluster observables and stacked weak lensing to probe dark energy: Self-calibration of systematic uncertainties}},
	volume = {83},
	year = 2011,
	bdsk-url-1 = {https://doi.org/10.1103/PhysRevD.83.023008}}

@article{Scoccimarro:2000gm,
	archiveprefix = {arXiv},
	author = {Scoccimarro, Roman and Sheth, Ravi K. and Hui, Lam and Jain, Bhuvnesh},
	doi = {10.1086/318261},
	eprint = {astro-ph/0006319},
	journal = {Astrophys. J.},
	pages = {20--34},
	reportnumber = {FERMILAB-PUB-00-359-A},
	title = {{How many galaxies fit in a halo? Constraints on galaxy formation efficiency from spatial clustering}},
	volume = {546},
	year = {2001},
	bdsk-url-1 = {https://doi.org/10.1086/318261}}

@article{Raghunathan:2017cle,
	archiveprefix = {arXiv},
	author = {Raghunathan, Srinivasan and Patil, Sanjaykumar and Baxter, Eric J. and Bianchini, Federico and Bleem, Lindsey E. and Crawford, Thomas M. and Holder, Gilbert P. and Manzotti, Alessandro and Reichardt, Christian L.},
	doi = {10.1088/1475-7516/2017/08/030},
	eprint = {1705.00411},
	journal = {JCAP},
	pages = {030},
	primaryclass = {astro-ph.CO},
	title = {{Measuring galaxy cluster masses with CMB lensing using a Maximum Likelihood estimator: Statistical and systematic error budgets for future experiments}},
	volume = {08},
	year = {2017},
	bdsk-url-1 = {https://doi.org/10.1088/1475-7516/2017/08/030}}

@article{Lewis:2006fu,
	archiveprefix = {arXiv},
	author = {Lewis, Antony and Challinor, Anthony},
	doi = {10.1016/j.physrep.2006.03.002},
	eprint = {astro-ph/0601594},
	journal = {Phys. Rept.},
	pages = {1--65},
	title = {{Weak gravitational lensing of the CMB}},
	volume = {429},
	year = {2006},
	bdsk-url-1 = {https://doi.org/10.1016/j.physrep.2006.03.002}}

@article{Seljak:1999zn,
	archiveprefix = {arXiv},
	author = {Seljak, Uros and Zaldarriaga, Matias},
	doi = {10.1086/309098},
	eprint = {astro-ph/9907254},
	journal = {Astrophys. J.},
	pages = {57--64},
	title = {{Lensing induced cluster signatures in cosmic microwave background}},
	volume = {538},
	year = {2000},
	bdsk-url-1 = {https://doi.org/10.1086/309098}}

@article{Kesden:2003cc,
	archiveprefix = {arXiv},
	author = {Kesden, Michael H. and Cooray, Asantha and Kamionkowski, Marc},
	doi = {10.1103/PhysRevD.67.123507},
	eprint = {astro-ph/0302536},
	journal = {Phys. Rev. D},
	pages = {123507},
	title = {{Lensing reconstruction with CMB temperature and polarization}},
	volume = {67},
	year = {2003},
	bdsk-url-1 = {https://doi.org/10.1103/PhysRevD.67.123507}}

@article{Carron:2017mqf,
	archiveprefix = {arXiv},
	author = {Carron, Julien and Lewis, Antony},
	doi = {10.1103/PhysRevD.96.063510},
	eprint = {1704.08230},
	journal = {Phys. Rev. D},
	number = {6},
	pages = {063510},
	primaryclass = {astro-ph.CO},
	title = {{Maximum a posteriori CMB lensing reconstruction}},
	volume = {96},
	year = {2017},
	bdsk-url-1 = {https://doi.org/10.1103/PhysRevD.96.063510}}

@article{Hu:2001tn,
	archiveprefix = {arXiv},
	author = {Hu, Wayne},
	doi = {10.1086/323253},
	eprint = {astro-ph/0105424},
	journal = {Astrophys. J. Lett.},
	pages = {L79--L83},
	title = {{Mapping the dark matter through the cmb damping tail}},
	volume = {557},
	year = {2001},
	bdsk-url-1 = {https://doi.org/10.1086/323253}}

@article{Hu:2001kj,
	archiveprefix = {arXiv},
	author = {Hu, Wayne and Okamoto, Takemi},
	doi = {10.1086/341110},
	eprint = {astro-ph/0111606},
	journal = {Astrophys. J.},
	pages = {566--574},
	title = {{Mass reconstruction with cmb polarization}},
	volume = {574},
	year = {2002},
	bdsk-url-1 = {https://doi.org/10.1086/341110}}

@article{Okamoto:2003zw,
	archiveprefix = {arXiv},
	author = {Okamoto, Takemi and Hu, Wayne},
	doi = {10.1103/PhysRevD.67.083002},
	eprint = {astro-ph/0301031},
	journal = {Phys. Rev. D},
	pages = {083002},
	title = {{CMB lensing reconstruction on the full sky}},
	volume = {67},
	year = {2003},
	bdsk-url-1 = {https://doi.org/10.1103/PhysRevD.67.083002}}

@inproceedings{CMB-S4:2022ght,
	archiveprefix = {arXiv},
	author = {Abazajian, Kevork and others},
	collaboration = {CMB-S4},
	eprint = {2203.08024},
	month = {3},
	primaryclass = {astro-ph.CO},
	title = {{Snowmass 2021 CMB-S4 White Paper}},
	year = {2022}}

@article{Amblard:2004ih,
	archiveprefix = {arXiv},
	author = {Amblard, Alexandre and Vale, Chris and White, Martin J.},
	doi = {10.1016/j.newast.2004.05.003},
	eprint = {astro-ph/0403075},
	journal = {New Astron.},
	pages = {687--704},
	title = {{Weak lensing of the CMB by large - scale structure}},
	volume = {9},
	year = {2004},
	bdsk-url-1 = {https://doi.org/10.1016/j.newast.2004.05.003}}

@article{2013MNRAS.432.1928T,
	adsnote = {Provided by the SAO/NASA Astrophysics Data System},
	adsurl = {https://ui.adsabs.harvard.edu/abs/2013MNRAS.432.1928T},
	archiveprefix = {arXiv},
	author = {{Taylor}, Andy and {Joachimi}, Benjamin and {Kitching}, Thomas},
	doi = {10.1093/mnras/stt270},
	eprint = {1212.4359},
	journal = {\mnras},
	keywords = {methods: statistical, cosmological parameters, cosmology: theory, large-scale structure of Universe, Astrophysics - Cosmology and Nongalactic Astrophysics},
	month = jul,
	number = {3},
	pages = {1928-1946},
	primaryclass = {astro-ph.CO},
	title = {{Putting the precision in precision cosmology: How accurate should your data covariance matrix be?}},
	volume = {432},
	year = 2013,
	bdsk-url-1 = {https://doi.org/10.1093/mnras/stt270}}
