@article{Navarro:1995iw,
    author = "Navarro, Julio F. and Frenk, Carlos S. and White, Simon D. M.",
    title = "{The Structure of cold dark matter halos}",
    eprint = "astro-ph/9508025",
    archivePrefix = "arXiv",
    doi = "10.1086/177173",
    journal = "Astrophys. J.",
    volume = "462",
    pages = "563--575",
    year = "1996"
}

@article{Duffy:2008pz,
    author = "Duffy, Alan R. and Schaye, Joop and Kay, Scott T. and Dalla Vecchia, Claudio",
    title = "{Dark matter halo concentrations in the Wilkinson Microwave Anisotropy Probe year 5 cosmology}",
    eprint = "0804.2486",
    archivePrefix = "arXiv",
    primaryClass = "astro-ph",
    doi = "10.1111/j.1745-3933.2008.00537.x",
    journal = "Mon. Not. Roy. Astron. Soc.",
    volume = "390",
    pages = "L64",
    year = "2008",
    note = "[Erratum: Mon.Not.Roy.Astron.Soc. 415, L85 (2011)]"
}

@article{Geach:2017crt,
    author = "Geach, James E. and Peacock, John A.",
    title = "{Cluster richness\textendash{}mass calibration with cosmic microwave background lensing}",
    eprint = "1707.09369",
    archivePrefix = "arXiv",
    primaryClass = "astro-ph.CO",
    doi = "10.1038/s41550-017-0259-1",
    journal = "Nature Astron.",
    volume = "1",
    number = "11",
    pages = "795--799",
    year = "2017"
}